%YAML 1.1
%TAG !u! tag:unity3d.com,2011:
--- !u!64 &1100272124638661763
MeshCollider:
  m_ObjectHideFlags: 0
  m_CorrespondingSourceObject: {fileID: 0}
  m_PrefabInstance: {fileID: 0}
  m_PrefabAsset: {fileID: 0}
  m_GameObject: {fileID: 397584426769470734}
  m_Material: {fileID: 0}
  m_IsTrigger: 0
  m_Enabled: 1
  serializedVersion: 4
  m_Convex: 0
  m_CookingOptions: 30
  m_Mesh: {fileID: -7437000491040796022, guid: bbf391eeee13c2246814ddd9ea2a98c5, type: 3}
--- !u!1 &1192359169777872591
GameObject:
  m_ObjectHideFlags: 0
  m_CorrespondingSourceObject: {fileID: 0}
  m_PrefabInstance: {fileID: 0}
  m_PrefabAsset: {fileID: 0}
  serializedVersion: 6
  m_Component:
  - component: {fileID: 1192359169777872588}
  - component: {fileID: 1148110322750792841}
  m_Layer: 0
  m_Name: PaintIteration 2
  m_TagString: Untagged
  m_Icon: {fileID: 0}
  m_NavMeshLayer: 0
  m_StaticEditorFlags: 0
  m_IsActive: 1
--- !u!4 &1192359169777872588
Transform:
  m_ObjectHideFlags: 0
  m_CorrespondingSourceObject: {fileID: 0}
  m_PrefabInstance: {fileID: 0}
  m_PrefabAsset: {fileID: 0}
  m_GameObject: {fileID: 1192359169777872591}
  m_LocalRotation: {x: -0, y: 0, z: 0, w: 1}
  m_LocalPosition: {x: 0, y: 0, z: 0}
  m_LocalScale: {x: 1, y: 1, z: 1}
  m_Children:
  - {fileID: 1192359168642704347}
  - {fileID: 7529276944333313868}
  m_Father: {fileID: 0}
  m_RootOrder: 0
  m_LocalEulerAnglesHint: {x: 0, y: 0, z: 0}
--- !u!114 &1148110322750792841
MonoBehaviour:
  m_ObjectHideFlags: 0
  m_CorrespondingSourceObject: {fileID: 0}
  m_PrefabInstance: {fileID: 0}
  m_PrefabAsset: {fileID: 0}
  m_GameObject: {fileID: 1192359169777872591}
  m_Enabled: 1
  m_EditorHideFlags: 0
  m_Script: {fileID: 11500000, guid: 79e24a2429821dd429f27d35a2e62bb5, type: 3}
  m_Name: 
  m_EditorClassIdentifier: 
  progressBar: {fileID: 0}
  progMult: 1.45
  paintMeshes:
  - N: 64
    renderer: {fileID: 4904813676961521705}
    filter: {fileID: 3493303232186646448}
    col: {fileID: 1100272124638661763}
    mat: {fileID: 0}
    tex: {fileID: 0}
    m: {fileID: 0}
    vCount: 0
    progress: 0
  - N: 64
    renderer: {fileID: 586971253458527896}
    filter: {fileID: 3630339533049748372}
    col: {fileID: 7643585611520726072}
    mat: {fileID: 0}
    tex: {fileID: 0}
    m: {fileID: 0}
    vCount: 0
    progress: 0
  - N: 256
    renderer: {fileID: 295308692660386677}
    filter: {fileID: 7862816966062088991}
    col: {fileID: 7533315111492817320}
    mat: {fileID: 0}
    tex: {fileID: 0}
    m: {fileID: 0}
    vCount: 0
    progress: 0
  rad: 30
  vRad: 0.02
  speedMult: 4
--- !u!64 &7643585611520726072
MeshCollider:
  m_ObjectHideFlags: 0
  m_CorrespondingSourceObject: {fileID: 0}
  m_PrefabInstance: {fileID: 0}
  m_PrefabAsset: {fileID: 0}
  m_GameObject: {fileID: 5305039307554403111}
  m_Material: {fileID: 0}
  m_IsTrigger: 0
  m_Enabled: 1
  serializedVersion: 4
  m_Convex: 0
  m_CookingOptions: 30
  m_Mesh: {fileID: 7380150005920101501, guid: bbf391eeee13c2246814ddd9ea2a98c5, type: 3}
--- !u!64 &7533315111492817320
MeshCollider:
  m_ObjectHideFlags: 0
  m_CorrespondingSourceObject: {fileID: 0}
  m_PrefabInstance: {fileID: 0}
  m_PrefabAsset: {fileID: 0}
  m_GameObject: {fileID: 5582757471463148469}
  m_Material: {fileID: 0}
  m_IsTrigger: 0
  m_Enabled: 1
  serializedVersion: 4
  m_Convex: 0
  m_CookingOptions: 30
  m_Mesh: {fileID: -7804756779271225804, guid: bbf391eeee13c2246814ddd9ea2a98c5, type: 3}
--- !u!1001 &3244819014557318230
PrefabInstance:
  m_ObjectHideFlags: 0
  serializedVersion: 2
  m_Modification:
    m_TransformParent: {fileID: 1192359169777872588}
    m_Modifications:
    - target: {fileID: -4216859302048453862, guid: bbf391eeee13c2246814ddd9ea2a98c5,
        type: 3}
      propertyPath: m_LocalPosition.x
      value: 0
      objectReference: {fileID: 0}
    - target: {fileID: -4216859302048453862, guid: bbf391eeee13c2246814ddd9ea2a98c5,
        type: 3}
      propertyPath: m_LocalPosition.y
      value: -1.014
      objectReference: {fileID: 0}
    - target: {fileID: -4216859302048453862, guid: bbf391eeee13c2246814ddd9ea2a98c5,
        type: 3}
      propertyPath: m_LocalPosition.z
      value: 0
      objectReference: {fileID: 0}
    - target: {fileID: -4216859302048453862, guid: bbf391eeee13c2246814ddd9ea2a98c5,
        type: 3}
      propertyPath: m_LocalRotation.x
      value: 0
      objectReference: {fileID: 0}
    - target: {fileID: -4216859302048453862, guid: bbf391eeee13c2246814ddd9ea2a98c5,
        type: 3}
      propertyPath: m_LocalRotation.y
      value: -0
      objectReference: {fileID: 0}
    - target: {fileID: -4216859302048453862, guid: bbf391eeee13c2246814ddd9ea2a98c5,
        type: 3}
      propertyPath: m_LocalRotation.z
      value: -0
      objectReference: {fileID: 0}
    - target: {fileID: -4216859302048453862, guid: bbf391eeee13c2246814ddd9ea2a98c5,
        type: 3}
      propertyPath: m_LocalRotation.w
      value: 1
      objectReference: {fileID: 0}
    - target: {fileID: -4216859302048453862, guid: bbf391eeee13c2246814ddd9ea2a98c5,
        type: 3}
      propertyPath: m_RootOrder
      value: 1
      objectReference: {fileID: 0}
    - target: {fileID: -4216859302048453862, guid: bbf391eeee13c2246814ddd9ea2a98c5,
        type: 3}
      propertyPath: m_LocalEulerAnglesHint.x
      value: 0
      objectReference: {fileID: 0}
    - target: {fileID: -4216859302048453862, guid: bbf391eeee13c2246814ddd9ea2a98c5,
        type: 3}
      propertyPath: m_LocalEulerAnglesHint.y
      value: 0
      objectReference: {fileID: 0}
    - target: {fileID: -4216859302048453862, guid: bbf391eeee13c2246814ddd9ea2a98c5,
        type: 3}
      propertyPath: m_LocalEulerAnglesHint.z
      value: 0
      objectReference: {fileID: 0}
    - target: {fileID: -4216859302048453862, guid: bbf391eeee13c2246814ddd9ea2a98c5,
        type: 3}
      propertyPath: m_LocalScale.x
      value: 1.6
      objectReference: {fileID: 0}
    - target: {fileID: -4216859302048453862, guid: bbf391eeee13c2246814ddd9ea2a98c5,
        type: 3}
      propertyPath: m_LocalScale.y
      value: 1.6
      objectReference: {fileID: 0}
    - target: {fileID: -4216859302048453862, guid: bbf391eeee13c2246814ddd9ea2a98c5,
        type: 3}
      propertyPath: m_LocalScale.z
      value: 1.6
      objectReference: {fileID: 0}
    - target: {fileID: -3056760399387807885, guid: bbf391eeee13c2246814ddd9ea2a98c5,
        type: 3}
      propertyPath: m_IsActive
      value: 0
      objectReference: {fileID: 0}
    - target: {fileID: -1650974163489530753, guid: bbf391eeee13c2246814ddd9ea2a98c5,
        type: 3}
      propertyPath: m_Materials.Array.data[0]
      value: 
      objectReference: {fileID: 2100000, guid: a17e069adb8a9784ab3073087a34d2f3, type: 2}
    - target: {fileID: -927199367670048503, guid: bbf391eeee13c2246814ddd9ea2a98c5,
        type: 3}
      propertyPath: m_Name
      value: Piercing03
      objectReference: {fileID: 0}
    - target: {fileID: 2675910641627028174, guid: bbf391eeee13c2246814ddd9ea2a98c5,
        type: 3}
      propertyPath: m_Materials.Array.data[0]
      value: 
      objectReference: {fileID: 2100000, guid: a17e069adb8a9784ab3073087a34d2f3, type: 2}
    - target: {fileID: 2919292837236140376, guid: bbf391eeee13c2246814ddd9ea2a98c5,
        type: 3}
      propertyPath: m_Layer
      value: 28
      objectReference: {fileID: 0}
    - target: {fileID: 2963029919422236451, guid: bbf391eeee13c2246814ddd9ea2a98c5,
        type: 3}
      propertyPath: m_Materials.Array.data[0]
      value: 
      objectReference: {fileID: 2100000, guid: a17e069adb8a9784ab3073087a34d2f3, type: 2}
    - target: {fileID: 5697575995173754227, guid: bbf391eeee13c2246814ddd9ea2a98c5,
        type: 3}
      propertyPath: m_IsActive
      value: 0
      objectReference: {fileID: 0}
    - target: {fileID: 6953023345015601123, guid: bbf391eeee13c2246814ddd9ea2a98c5,
        type: 3}
      propertyPath: m_Layer
      value: 28
      objectReference: {fileID: 0}
    - target: {fileID: 7248720171280142193, guid: bbf391eeee13c2246814ddd9ea2a98c5,
        type: 3}
      propertyPath: m_Layer
      value: 28
      objectReference: {fileID: 0}
    m_RemovedComponents: []
  m_SourcePrefab: {fileID: 100100000, guid: bbf391eeee13c2246814ddd9ea2a98c5, type: 3}
--- !u!4 &7529276944333313868 stripped
Transform:
  m_CorrespondingSourceObject: {fileID: -4216859302048453862, guid: bbf391eeee13c2246814ddd9ea2a98c5,
    type: 3}
  m_PrefabInstance: {fileID: 3244819014557318230}
  m_PrefabAsset: {fileID: 0}
--- !u!1 &397584426769470734 stripped
GameObject:
  m_CorrespondingSourceObject: {fileID: 2919292837236140376, guid: bbf391eeee13c2246814ddd9ea2a98c5,
    type: 3}
  m_PrefabInstance: {fileID: 3244819014557318230}
  m_PrefabAsset: {fileID: 0}
--- !u!33 &3493303232186646448 stripped
MeshFilter:
  m_CorrespondingSourceObject: {fileID: -7098414651781004314, guid: bbf391eeee13c2246814ddd9ea2a98c5,
    type: 3}
  m_PrefabInstance: {fileID: 3244819014557318230}
  m_PrefabAsset: {fileID: 0}
--- !u!23 &4904813676961521705 stripped
MeshRenderer:
  m_CorrespondingSourceObject: {fileID: -1650974163489530753, guid: bbf391eeee13c2246814ddd9ea2a98c5,
    type: 3}
  m_PrefabInstance: {fileID: 3244819014557318230}
  m_PrefabAsset: {fileID: 0}
--- !u!1 &5305039307554403111 stripped
GameObject:
  m_CorrespondingSourceObject: {fileID: 7248720171280142193, guid: bbf391eeee13c2246814ddd9ea2a98c5,
    type: 3}
  m_PrefabInstance: {fileID: 3244819014557318230}
  m_PrefabAsset: {fileID: 0}
--- !u!33 &3630339533049748372 stripped
MeshFilter:
  m_CorrespondingSourceObject: {fileID: -6960762780032702526, guid: bbf391eeee13c2246814ddd9ea2a98c5,
    type: 3}
  m_PrefabInstance: {fileID: 3244819014557318230}
  m_PrefabAsset: {fileID: 0}
--- !u!23 &586971253458527896 stripped
MeshRenderer:
  m_CorrespondingSourceObject: {fileID: 2675910641627028174, guid: bbf391eeee13c2246814ddd9ea2a98c5,
    type: 3}
  m_PrefabInstance: {fileID: 3244819014557318230}
  m_PrefabAsset: {fileID: 0}
--- !u!1 &5582757471463148469 stripped
GameObject:
  m_CorrespondingSourceObject: {fileID: 6953023345015601123, guid: bbf391eeee13c2246814ddd9ea2a98c5,
    type: 3}
  m_PrefabInstance: {fileID: 3244819014557318230}
  m_PrefabAsset: {fileID: 0}
--- !u!33 &7862816966062088991 stripped
MeshFilter:
  m_CorrespondingSourceObject: {fileID: 4618933915713052489, guid: bbf391eeee13c2246814ddd9ea2a98c5,
    type: 3}
  m_PrefabInstance: {fileID: 3244819014557318230}
  m_PrefabAsset: {fileID: 0}
--- !u!23 &295308692660386677 stripped
MeshRenderer:
  m_CorrespondingSourceObject: {fileID: 2963029919422236451, guid: bbf391eeee13c2246814ddd9ea2a98c5,
    type: 3}
  m_PrefabInstance: {fileID: 3244819014557318230}
  m_PrefabAsset: {fileID: 0}
--- !u!1001 &6033287289654122807
PrefabInstance:
  m_ObjectHideFlags: 0
  serializedVersion: 2
  m_Modification:
    m_TransformParent: {fileID: 1192359169777872588}
    m_Modifications:
    - target: {fileID: 4843223969446203210, guid: e9c4153bfa2c46e4db79619980e1c5a6,
        type: 3}
      propertyPath: m_AnchorMin.y
      value: 0
      objectReference: {fileID: 0}
    - target: {fileID: 4843223969446203210, guid: e9c4153bfa2c46e4db79619980e1c5a6,
        type: 3}
      propertyPath: m_AnchorMax.y
      value: 0
      objectReference: {fileID: 0}
    - target: {fileID: 4843223969446203210, guid: e9c4153bfa2c46e4db79619980e1c5a6,
        type: 3}
      propertyPath: m_AnchoredPosition.x
      value: 0
      objectReference: {fileID: 0}
    - target: {fileID: 4843223969446203210, guid: e9c4153bfa2c46e4db79619980e1c5a6,
        type: 3}
      propertyPath: m_AnchoredPosition.y
      value: 0
      objectReference: {fileID: 0}
    - target: {fileID: 4843223969446203210, guid: e9c4153bfa2c46e4db79619980e1c5a6,
        type: 3}
      propertyPath: m_SizeDelta.x
      value: 0
      objectReference: {fileID: 0}
    - target: {fileID: 4843223969446203210, guid: e9c4153bfa2c46e4db79619980e1c5a6,
        type: 3}
      propertyPath: m_SizeDelta.y
      value: 0
      objectReference: {fileID: 0}
    - target: {fileID: 4843223969511873462, guid: e9c4153bfa2c46e4db79619980e1c5a6,
        type: 3}
      propertyPath: m_AnchorMin.y
      value: 0
      objectReference: {fileID: 0}
    - target: {fileID: 4843223969511873462, guid: e9c4153bfa2c46e4db79619980e1c5a6,
        type: 3}
      propertyPath: m_AnchorMax.y
      value: 0
      objectReference: {fileID: 0}
    - target: {fileID: 4843223969511873462, guid: e9c4153bfa2c46e4db79619980e1c5a6,
        type: 3}
      propertyPath: m_AnchoredPosition.x
      value: 0
      objectReference: {fileID: 0}
    - target: {fileID: 4843223969511873462, guid: e9c4153bfa2c46e4db79619980e1c5a6,
        type: 3}
      propertyPath: m_AnchoredPosition.y
      value: 0
      objectReference: {fileID: 0}
    - target: {fileID: 4843223969511873462, guid: e9c4153bfa2c46e4db79619980e1c5a6,
        type: 3}
      propertyPath: m_SizeDelta.x
      value: 0
      objectReference: {fileID: 0}
    - target: {fileID: 4843223969511873462, guid: e9c4153bfa2c46e4db79619980e1c5a6,
        type: 3}
      propertyPath: m_SizeDelta.y
      value: 0
      objectReference: {fileID: 0}
    - target: {fileID: 4843223969578572818, guid: e9c4153bfa2c46e4db79619980e1c5a6,
        type: 3}
      propertyPath: m_AnchorMin.y
      value: 0
      objectReference: {fileID: 0}
    - target: {fileID: 4843223969578572818, guid: e9c4153bfa2c46e4db79619980e1c5a6,
        type: 3}
      propertyPath: m_AnchorMax.y
      value: 0
      objectReference: {fileID: 0}
    - target: {fileID: 4843223969578572818, guid: e9c4153bfa2c46e4db79619980e1c5a6,
        type: 3}
      propertyPath: m_AnchoredPosition.x
      value: 0
      objectReference: {fileID: 0}
    - target: {fileID: 4843223969578572818, guid: e9c4153bfa2c46e4db79619980e1c5a6,
        type: 3}
      propertyPath: m_AnchoredPosition.y
      value: 0
      objectReference: {fileID: 0}
    - target: {fileID: 4843223969578572818, guid: e9c4153bfa2c46e4db79619980e1c5a6,
        type: 3}
      propertyPath: m_SizeDelta.x
      value: 0
      objectReference: {fileID: 0}
    - target: {fileID: 4843223969578572818, guid: e9c4153bfa2c46e4db79619980e1c5a6,
        type: 3}
      propertyPath: m_SizeDelta.y
      value: 0
      objectReference: {fileID: 0}
    - target: {fileID: 4843223970009742057, guid: e9c4153bfa2c46e4db79619980e1c5a6,
        type: 3}
      propertyPath: m_Name
      value: PaintCanvas
      objectReference: {fileID: 0}
    - target: {fileID: 4843223970009742060, guid: e9c4153bfa2c46e4db79619980e1c5a6,
        type: 3}
      propertyPath: m_LocalPosition.x
      value: 0
      objectReference: {fileID: 0}
    - target: {fileID: 4843223970009742060, guid: e9c4153bfa2c46e4db79619980e1c5a6,
        type: 3}
      propertyPath: m_LocalPosition.y
      value: 0
      objectReference: {fileID: 0}
    - target: {fileID: 4843223970009742060, guid: e9c4153bfa2c46e4db79619980e1c5a6,
        type: 3}
      propertyPath: m_LocalPosition.z
      value: 0
      objectReference: {fileID: 0}
    - target: {fileID: 4843223970009742060, guid: e9c4153bfa2c46e4db79619980e1c5a6,
        type: 3}
      propertyPath: m_LocalRotation.x
      value: 0
      objectReference: {fileID: 0}
    - target: {fileID: 4843223970009742060, guid: e9c4153bfa2c46e4db79619980e1c5a6,
        type: 3}
      propertyPath: m_LocalRotation.y
      value: 0
      objectReference: {fileID: 0}
    - target: {fileID: 4843223970009742060, guid: e9c4153bfa2c46e4db79619980e1c5a6,
        type: 3}
      propertyPath: m_LocalRotation.z
      value: 0
      objectReference: {fileID: 0}
    - target: {fileID: 4843223970009742060, guid: e9c4153bfa2c46e4db79619980e1c5a6,
        type: 3}
      propertyPath: m_LocalRotation.w
      value: 1
      objectReference: {fileID: 0}
    - target: {fileID: 4843223970009742060, guid: e9c4153bfa2c46e4db79619980e1c5a6,
        type: 3}
      propertyPath: m_RootOrder
      value: 0
      objectReference: {fileID: 0}
    - target: {fileID: 4843223970009742060, guid: e9c4153bfa2c46e4db79619980e1c5a6,
        type: 3}
      propertyPath: m_LocalEulerAnglesHint.x
      value: 0
      objectReference: {fileID: 0}
    - target: {fileID: 4843223970009742060, guid: e9c4153bfa2c46e4db79619980e1c5a6,
        type: 3}
      propertyPath: m_LocalEulerAnglesHint.y
      value: 0
      objectReference: {fileID: 0}
    - target: {fileID: 4843223970009742060, guid: e9c4153bfa2c46e4db79619980e1c5a6,
        type: 3}
      propertyPath: m_LocalEulerAnglesHint.z
      value: 0
      objectReference: {fileID: 0}
    - target: {fileID: 4843223970009742060, guid: e9c4153bfa2c46e4db79619980e1c5a6,
        type: 3}
      propertyPath: m_AnchoredPosition.x
      value: 0
      objectReference: {fileID: 0}
    - target: {fileID: 4843223970009742060, guid: e9c4153bfa2c46e4db79619980e1c5a6,
        type: 3}
      propertyPath: m_AnchoredPosition.y
      value: 0
      objectReference: {fileID: 0}
    - target: {fileID: 4843223970009742060, guid: e9c4153bfa2c46e4db79619980e1c5a6,
        type: 3}
      propertyPath: m_SizeDelta.x
      value: 0
      objectReference: {fileID: 0}
    - target: {fileID: 4843223970009742060, guid: e9c4153bfa2c46e4db79619980e1c5a6,
        type: 3}
      propertyPath: m_SizeDelta.y
      value: 0
      objectReference: {fileID: 0}
    - target: {fileID: 4843223970009742060, guid: e9c4153bfa2c46e4db79619980e1c5a6,
        type: 3}
      propertyPath: m_AnchorMin.x
      value: 0
      objectReference: {fileID: 0}
    - target: {fileID: 4843223970009742060, guid: e9c4153bfa2c46e4db79619980e1c5a6,
        type: 3}
      propertyPath: m_AnchorMin.y
      value: 0
      objectReference: {fileID: 0}
    - target: {fileID: 4843223970009742060, guid: e9c4153bfa2c46e4db79619980e1c5a6,
        type: 3}
      propertyPath: m_AnchorMax.x
      value: 0
      objectReference: {fileID: 0}
    - target: {fileID: 4843223970009742060, guid: e9c4153bfa2c46e4db79619980e1c5a6,
        type: 3}
      propertyPath: m_AnchorMax.y
      value: 0
      objectReference: {fileID: 0}
    - target: {fileID: 4843223970009742060, guid: e9c4153bfa2c46e4db79619980e1c5a6,
        type: 3}
      propertyPath: m_Pivot.x
      value: 0
      objectReference: {fileID: 0}
    - target: {fileID: 4843223970009742060, guid: e9c4153bfa2c46e4db79619980e1c5a6,
        type: 3}
      propertyPath: m_Pivot.y
      value: 0
      objectReference: {fileID: 0}
    - target: {fileID: 4843223970393244841, guid: e9c4153bfa2c46e4db79619980e1c5a6,
        type: 3}
      propertyPath: m_AnchorMin.y
      value: 0
      objectReference: {fileID: 0}
    - target: {fileID: 4843223970393244841, guid: e9c4153bfa2c46e4db79619980e1c5a6,
        type: 3}
      propertyPath: m_AnchorMax.y
      value: 0
      objectReference: {fileID: 0}
    - target: {fileID: 4843223970393244841, guid: e9c4153bfa2c46e4db79619980e1c5a6,
        type: 3}
      propertyPath: m_AnchoredPosition.x
      value: 0
      objectReference: {fileID: 0}
    - target: {fileID: 4843223970393244841, guid: e9c4153bfa2c46e4db79619980e1c5a6,
        type: 3}
      propertyPath: m_AnchoredPosition.y
      value: 0
      objectReference: {fileID: 0}
    - target: {fileID: 4843223970393244841, guid: e9c4153bfa2c46e4db79619980e1c5a6,
        type: 3}
      propertyPath: m_SizeDelta.x
      value: 0
      objectReference: {fileID: 0}
    - target: {fileID: 4843223970393244841, guid: e9c4153bfa2c46e4db79619980e1c5a6,
        type: 3}
      propertyPath: m_SizeDelta.y
      value: 0
      objectReference: {fileID: 0}
    - target: {fileID: 4843223970486128991, guid: e9c4153bfa2c46e4db79619980e1c5a6,
        type: 3}
      propertyPath: m_AnchorMin.y
      value: 0
      objectReference: {fileID: 0}
    - target: {fileID: 4843223970486128991, guid: e9c4153bfa2c46e4db79619980e1c5a6,
        type: 3}
      propertyPath: m_AnchorMax.y
      value: 0
      objectReference: {fileID: 0}
    - target: {fileID: 4843223970486128991, guid: e9c4153bfa2c46e4db79619980e1c5a6,
        type: 3}
      propertyPath: m_AnchoredPosition.x
      value: 0
      objectReference: {fileID: 0}
    - target: {fileID: 4843223970486128991, guid: e9c4153bfa2c46e4db79619980e1c5a6,
        type: 3}
      propertyPath: m_AnchoredPosition.y
      value: 0
      objectReference: {fileID: 0}
    - target: {fileID: 4843223970486128991, guid: e9c4153bfa2c46e4db79619980e1c5a6,
        type: 3}
      propertyPath: m_SizeDelta.x
      value: 0
      objectReference: {fileID: 0}
    - target: {fileID: 4843223970486128991, guid: e9c4153bfa2c46e4db79619980e1c5a6,
        type: 3}
      propertyPath: m_SizeDelta.y
      value: 0
      objectReference: {fileID: 0}
    - target: {fileID: 4843223970611119906, guid: e9c4153bfa2c46e4db79619980e1c5a6,
        type: 3}
      propertyPath: m_AnchorMin.y
      value: 0
      objectReference: {fileID: 0}
    - target: {fileID: 4843223970611119906, guid: e9c4153bfa2c46e4db79619980e1c5a6,
        type: 3}
      propertyPath: m_AnchorMax.y
      value: 0
      objectReference: {fileID: 0}
    - target: {fileID: 4843223970611119906, guid: e9c4153bfa2c46e4db79619980e1c5a6,
        type: 3}
      propertyPath: m_AnchoredPosition.x
      value: 0
      objectReference: {fileID: 0}
    - target: {fileID: 4843223970611119906, guid: e9c4153bfa2c46e4db79619980e1c5a6,
        type: 3}
      propertyPath: m_AnchoredPosition.y
      value: 0
      objectReference: {fileID: 0}
    - target: {fileID: 4843223970611119906, guid: e9c4153bfa2c46e4db79619980e1c5a6,
        type: 3}
      propertyPath: m_SizeDelta.x
      value: 0
      objectReference: {fileID: 0}
    - target: {fileID: 4843223970611119906, guid: e9c4153bfa2c46e4db79619980e1c5a6,
        type: 3}
      propertyPath: m_SizeDelta.y
      value: 0
      objectReference: {fileID: 0}
    m_RemovedComponents: []
  m_SourcePrefab: {fileID: 100100000, guid: e9c4153bfa2c46e4db79619980e1c5a6, type: 3}
--- !u!224 &1192359168642704347 stripped
RectTransform:
  m_CorrespondingSourceObject: {fileID: 4843223970009742060, guid: e9c4153bfa2c46e4db79619980e1c5a6,
    type: 3}
  m_PrefabInstance: {fileID: 6033287289654122807}
  m_PrefabAsset: {fileID: 0}
