%YAML 1.1
%TAG !u! tag:unity3d.com,2011:
--- !u!1 &2626803091653198485
GameObject:
  m_ObjectHideFlags: 0
  m_CorrespondingSourceObject: {fileID: 0}
  m_PrefabInstance: {fileID: 0}
  m_PrefabAsset: {fileID: 0}
  serializedVersion: 6
  m_Component:
  - component: {fileID: 2626803091653198483}
  - component: {fileID: 2626803091653198484}
  - component: {fileID: 2626803091653198482}
  m_Layer: 0
  m_Name: Level 3
  m_TagString: Untagged
  m_Icon: {fileID: 0}
  m_NavMeshLayer: 0
  m_StaticEditorFlags: 0
  m_IsActive: 1
--- !u!4 &2626803091653198483
Transform:
  m_ObjectHideFlags: 0
  m_CorrespondingSourceObject: {fileID: 0}
  m_PrefabInstance: {fileID: 0}
  m_PrefabAsset: {fileID: 0}
  m_GameObject: {fileID: 2626803091653198485}
  m_LocalRotation: {x: 0, y: 0, z: 0, w: 1}
  m_LocalPosition: {x: 0, y: 0, z: 0}
  m_LocalScale: {x: 1, y: 1, z: 1}
  m_Children:
  - {fileID: 2573765578157326340}
  - {fileID: 8579758250529269717}
  - {fileID: 2626803092405784693}
  m_Father: {fileID: 0}
  m_RootOrder: 0
  m_LocalEulerAnglesHint: {x: 0, y: 0, z: 0}
--- !u!114 &2626803091653198484
MonoBehaviour:
  m_ObjectHideFlags: 0
  m_CorrespondingSourceObject: {fileID: 0}
  m_PrefabInstance: {fileID: 0}
  m_PrefabAsset: {fileID: 0}
  m_GameObject: {fileID: 2626803091653198485}
  m_Enabled: 1
  m_EditorHideFlags: 0
  m_Script: {fileID: 11500000, guid: 7580d8159e5f9ce46b9d4af9d396fb8c, type: 3}
  m_Name: 
  m_EditorClassIdentifier: 
  referenceRoot: {fileID: 2573765578157326340}
  editableRoot: {fileID: 8579758250529269717}
  cam: {fileID: 0}
  editLayerMask:
    serializedVersion: 2
    m_Bits: 268435456
  editPlaneLayerMask:
    serializedVersion: 2
    m_Bits: 33554432
  snapThreshold: 0.05
  assembledCount: 0
  toAssembleCount: 0
  rotationAxis: {fileID: 2626803092405784693}
  rotateSpeed: 30
--- !u!114 &2626803091653198482
MonoBehaviour:
  m_ObjectHideFlags: 0
  m_CorrespondingSourceObject: {fileID: 0}
  m_PrefabInstance: {fileID: 0}
  m_PrefabAsset: {fileID: 0}
  m_GameObject: {fileID: 2626803091653198485}
  m_Enabled: 1
  m_EditorHideFlags: 0
  m_Script: {fileID: 11500000, guid: ab67b1e9120a8f64dbd37110f80573de, type: 3}
  m_Name: 
  m_EditorClassIdentifier: 
  defPixCount: 15
--- !u!1 &2626803092405784694
GameObject:
  m_ObjectHideFlags: 0
  m_CorrespondingSourceObject: {fileID: 0}
  m_PrefabInstance: {fileID: 0}
  m_PrefabAsset: {fileID: 0}
  serializedVersion: 6
  m_Component:
  - component: {fileID: 2626803092405784693}
  m_Layer: 0
  m_Name: axis
  m_TagString: Untagged
  m_Icon: {fileID: 0}
  m_NavMeshLayer: 0
  m_StaticEditorFlags: 0
  m_IsActive: 1
--- !u!4 &2626803092405784693
Transform:
  m_ObjectHideFlags: 0
  m_CorrespondingSourceObject: {fileID: 0}
  m_PrefabInstance: {fileID: 0}
  m_PrefabAsset: {fileID: 0}
  m_GameObject: {fileID: 2626803092405784694}
  m_LocalRotation: {x: 0, y: -0.41786712, z: 0, w: 0.9085082}
  m_LocalPosition: {x: 0.006, y: 0.634, z: 0.1}
  m_LocalScale: {x: 1, y: 1, z: 1}
  m_Children: []
  m_Father: {fileID: 2626803091653198483}
  m_RootOrder: 2
  m_LocalEulerAnglesHint: {x: 0, y: -49.4, z: 0}
--- !u!1001 &3633235454253305039
PrefabInstance:
  m_ObjectHideFlags: 0
  serializedVersion: 2
  m_Modification:
    m_TransformParent: {fileID: 2626803091653198483}
    m_Modifications:
    - target: {fileID: -7559064195734470421, guid: bbf391eeee13c2246814ddd9ea2a98c5,
        type: 3}
      propertyPath: m_LocalPosition.x
      value: 0.524
      objectReference: {fileID: 0}
    - target: {fileID: -7559064195734470421, guid: bbf391eeee13c2246814ddd9ea2a98c5,
        type: 3}
      propertyPath: m_LocalPosition.y
      value: 1.211
      objectReference: {fileID: 0}
    - target: {fileID: -7559064195734470421, guid: bbf391eeee13c2246814ddd9ea2a98c5,
        type: 3}
      propertyPath: m_LocalPosition.z
      value: -0.001
      objectReference: {fileID: 0}
    - target: {fileID: -7034218637403007906, guid: bbf391eeee13c2246814ddd9ea2a98c5,
        type: 3}
      propertyPath: m_Materials.Array.data[0]
      value: 
      objectReference: {fileID: 2100000, guid: 8ce79141fa5c76b4abdb3d70564c8f29, type: 2}
    - target: {fileID: -5279882968420340360, guid: bbf391eeee13c2246814ddd9ea2a98c5,
        type: 3}
      propertyPath: m_LocalPosition.x
      value: 0.293
      objectReference: {fileID: 0}
    - target: {fileID: -5279882968420340360, guid: bbf391eeee13c2246814ddd9ea2a98c5,
        type: 3}
      propertyPath: m_LocalPosition.y
      value: 0.947
      objectReference: {fileID: 0}
    - target: {fileID: -5279882968420340360, guid: bbf391eeee13c2246814ddd9ea2a98c5,
        type: 3}
      propertyPath: m_LocalPosition.z
      value: -0.015
      objectReference: {fileID: 0}
    - target: {fileID: -4216859302048453862, guid: bbf391eeee13c2246814ddd9ea2a98c5,
        type: 3}
      propertyPath: m_LocalPosition.x
      value: -0.352
      objectReference: {fileID: 0}
    - target: {fileID: -4216859302048453862, guid: bbf391eeee13c2246814ddd9ea2a98c5,
        type: 3}
      propertyPath: m_LocalPosition.y
      value: 0.634
      objectReference: {fileID: 0}
    - target: {fileID: -4216859302048453862, guid: bbf391eeee13c2246814ddd9ea2a98c5,
        type: 3}
      propertyPath: m_LocalPosition.z
      value: 0.455
      objectReference: {fileID: 0}
    - target: {fileID: -4216859302048453862, guid: bbf391eeee13c2246814ddd9ea2a98c5,
        type: 3}
      propertyPath: m_LocalRotation.x
      value: 0.3433593
      objectReference: {fileID: 0}
    - target: {fileID: -4216859302048453862, guid: bbf391eeee13c2246814ddd9ea2a98c5,
        type: 3}
      propertyPath: m_LocalRotation.y
      value: 0.6228515
      objectReference: {fileID: 0}
    - target: {fileID: -4216859302048453862, guid: bbf391eeee13c2246814ddd9ea2a98c5,
        type: 3}
      propertyPath: m_LocalRotation.z
      value: -0.61639386
      objectReference: {fileID: 0}
    - target: {fileID: -4216859302048453862, guid: bbf391eeee13c2246814ddd9ea2a98c5,
        type: 3}
      propertyPath: m_LocalRotation.w
      value: 0.33796307
      objectReference: {fileID: 0}
    - target: {fileID: -4216859302048453862, guid: bbf391eeee13c2246814ddd9ea2a98c5,
        type: 3}
      propertyPath: m_RootOrder
      value: 1
      objectReference: {fileID: 0}
    - target: {fileID: -4216859302048453862, guid: bbf391eeee13c2246814ddd9ea2a98c5,
        type: 3}
      propertyPath: m_LocalEulerAnglesHint.x
      value: -270.682
      objectReference: {fileID: 0}
    - target: {fileID: -4216859302048453862, guid: bbf391eeee13c2246814ddd9ea2a98c5,
        type: 3}
      propertyPath: m_LocalEulerAnglesHint.y
      value: -168.91801
      objectReference: {fileID: 0}
    - target: {fileID: -4216859302048453862, guid: bbf391eeee13c2246814ddd9ea2a98c5,
        type: 3}
      propertyPath: m_LocalEulerAnglesHint.z
      value: 68.685005
      objectReference: {fileID: 0}
    - target: {fileID: -1959497490611484624, guid: bbf391eeee13c2246814ddd9ea2a98c5,
        type: 3}
      propertyPath: m_LocalPosition.x
      value: 0.667
      objectReference: {fileID: 0}
    - target: {fileID: -1959497490611484624, guid: bbf391eeee13c2246814ddd9ea2a98c5,
        type: 3}
      propertyPath: m_LocalPosition.y
      value: 0.726
      objectReference: {fileID: 0}
    - target: {fileID: -1959497490611484624, guid: bbf391eeee13c2246814ddd9ea2a98c5,
        type: 3}
      propertyPath: m_LocalPosition.z
      value: -0
      objectReference: {fileID: 0}
    - target: {fileID: -1650974163489530753, guid: bbf391eeee13c2246814ddd9ea2a98c5,
        type: 3}
      propertyPath: m_Materials.Array.data[0]
      value: 
      objectReference: {fileID: 2100000, guid: fb6cc4082dd55bd489d072fda626cbfc, type: 2}
    - target: {fileID: -927199367670048503, guid: bbf391eeee13c2246814ddd9ea2a98c5,
        type: 3}
      propertyPath: m_Name
      value: Piercing03 (1)
      objectReference: {fileID: 0}
    - target: {fileID: 887622439363998228, guid: bbf391eeee13c2246814ddd9ea2a98c5,
        type: 3}
      propertyPath: m_Materials.Array.data[0]
      value: 
      objectReference: {fileID: 2100000, guid: 8ce79141fa5c76b4abdb3d70564c8f29, type: 2}
    - target: {fileID: 1157700962444904246, guid: bbf391eeee13c2246814ddd9ea2a98c5,
        type: 3}
      propertyPath: m_LocalPosition.x
      value: 0.532
      objectReference: {fileID: 0}
    - target: {fileID: 1157700962444904246, guid: bbf391eeee13c2246814ddd9ea2a98c5,
        type: 3}
      propertyPath: m_LocalPosition.y
      value: 0.688
      objectReference: {fileID: 0}
    - target: {fileID: 1157700962444904246, guid: bbf391eeee13c2246814ddd9ea2a98c5,
        type: 3}
      propertyPath: m_LocalPosition.z
      value: -0
      objectReference: {fileID: 0}
    - target: {fileID: 2675910641627028174, guid: bbf391eeee13c2246814ddd9ea2a98c5,
        type: 3}
      propertyPath: m_Materials.Array.data[0]
      value: 
      objectReference: {fileID: 2100000, guid: fb6cc4082dd55bd489d072fda626cbfc, type: 2}
    - target: {fileID: 2963029919422236451, guid: bbf391eeee13c2246814ddd9ea2a98c5,
        type: 3}
      propertyPath: m_Materials.Array.data[0]
      value: 
      objectReference: {fileID: 2100000, guid: fb6cc4082dd55bd489d072fda626cbfc, type: 2}
    - target: {fileID: 6267569926814567453, guid: bbf391eeee13c2246814ddd9ea2a98c5,
        type: 3}
      propertyPath: m_LocalPosition.x
      value: 0.919
      objectReference: {fileID: 0}
    - target: {fileID: 6267569926814567453, guid: bbf391eeee13c2246814ddd9ea2a98c5,
        type: 3}
      propertyPath: m_LocalPosition.y
      value: 0.581
      objectReference: {fileID: 0}
    - target: {fileID: 6267569926814567453, guid: bbf391eeee13c2246814ddd9ea2a98c5,
        type: 3}
      propertyPath: m_LocalPosition.z
      value: 0.013
      objectReference: {fileID: 0}
    m_RemovedComponents: []
  m_SourcePrefab: {fileID: 100100000, guid: bbf391eeee13c2246814ddd9ea2a98c5, type: 3}
--- !u!4 &8579758250529269717 stripped
Transform:
  m_CorrespondingSourceObject: {fileID: -4216859302048453862, guid: bbf391eeee13c2246814ddd9ea2a98c5,
    type: 3}
  m_PrefabInstance: {fileID: 3633235454253305039}
  m_PrefabAsset: {fileID: 0}
--- !u!1001 &7407698899112799006
PrefabInstance:
  m_ObjectHideFlags: 0
  serializedVersion: 2
  m_Modification:
    m_TransformParent: {fileID: 2626803091653198483}
    m_Modifications:
    - target: {fileID: -7034218637403007906, guid: bbf391eeee13c2246814ddd9ea2a98c5,
        type: 3}
      propertyPath: m_Materials.Array.data[0]
      value: 
      objectReference: {fileID: 2100000, guid: cf9894f1be49dcc4d8113aa6ac0e7f3c, type: 2}
    - target: {fileID: -4216859302048453862, guid: bbf391eeee13c2246814ddd9ea2a98c5,
        type: 3}
      propertyPath: m_LocalPosition.x
      value: -0.352
      objectReference: {fileID: 0}
    - target: {fileID: -4216859302048453862, guid: bbf391eeee13c2246814ddd9ea2a98c5,
        type: 3}
      propertyPath: m_LocalPosition.y
      value: 0.634
      objectReference: {fileID: 0}
    - target: {fileID: -4216859302048453862, guid: bbf391eeee13c2246814ddd9ea2a98c5,
        type: 3}
      propertyPath: m_LocalPosition.z
      value: 0.455
      objectReference: {fileID: 0}
    - target: {fileID: -4216859302048453862, guid: bbf391eeee13c2246814ddd9ea2a98c5,
        type: 3}
      propertyPath: m_LocalRotation.x
      value: 0.3433593
      objectReference: {fileID: 0}
    - target: {fileID: -4216859302048453862, guid: bbf391eeee13c2246814ddd9ea2a98c5,
        type: 3}
      propertyPath: m_LocalRotation.y
      value: 0.6228515
      objectReference: {fileID: 0}
    - target: {fileID: -4216859302048453862, guid: bbf391eeee13c2246814ddd9ea2a98c5,
        type: 3}
      propertyPath: m_LocalRotation.z
      value: -0.61639386
      objectReference: {fileID: 0}
    - target: {fileID: -4216859302048453862, guid: bbf391eeee13c2246814ddd9ea2a98c5,
        type: 3}
      propertyPath: m_LocalRotation.w
      value: 0.33796307
      objectReference: {fileID: 0}
    - target: {fileID: -4216859302048453862, guid: bbf391eeee13c2246814ddd9ea2a98c5,
        type: 3}
      propertyPath: m_RootOrder
      value: 0
      objectReference: {fileID: 0}
    - target: {fileID: -4216859302048453862, guid: bbf391eeee13c2246814ddd9ea2a98c5,
        type: 3}
      propertyPath: m_LocalEulerAnglesHint.x
      value: -270.682
      objectReference: {fileID: 0}
    - target: {fileID: -4216859302048453862, guid: bbf391eeee13c2246814ddd9ea2a98c5,
        type: 3}
      propertyPath: m_LocalEulerAnglesHint.y
      value: -168.91801
      objectReference: {fileID: 0}
    - target: {fileID: -4216859302048453862, guid: bbf391eeee13c2246814ddd9ea2a98c5,
        type: 3}
      propertyPath: m_LocalEulerAnglesHint.z
      value: 68.685005
      objectReference: {fileID: 0}
    - target: {fileID: -1650974163489530753, guid: bbf391eeee13c2246814ddd9ea2a98c5,
        type: 3}
      propertyPath: m_Materials.Array.data[0]
      value: 
      objectReference: {fileID: 2100000, guid: cf9894f1be49dcc4d8113aa6ac0e7f3c, type: 2}
    - target: {fileID: -927199367670048503, guid: bbf391eeee13c2246814ddd9ea2a98c5,
        type: 3}
      propertyPath: m_Name
      value: Piercing03
      objectReference: {fileID: 0}
    - target: {fileID: 887622439363998228, guid: bbf391eeee13c2246814ddd9ea2a98c5,
        type: 3}
      propertyPath: m_Materials.Array.data[0]
      value: 
      objectReference: {fileID: 2100000, guid: cf9894f1be49dcc4d8113aa6ac0e7f3c, type: 2}
    - target: {fileID: 2675910641627028174, guid: bbf391eeee13c2246814ddd9ea2a98c5,
        type: 3}
      propertyPath: m_Materials.Array.data[0]
      value: 
      objectReference: {fileID: 2100000, guid: cf9894f1be49dcc4d8113aa6ac0e7f3c, type: 2}
    - target: {fileID: 2963029919422236451, guid: bbf391eeee13c2246814ddd9ea2a98c5,
        type: 3}
      propertyPath: m_Materials.Array.data[0]
      value: 
      objectReference: {fileID: 2100000, guid: cf9894f1be49dcc4d8113aa6ac0e7f3c, type: 2}
    m_RemovedComponents: []
  m_SourcePrefab: {fileID: 100100000, guid: bbf391eeee13c2246814ddd9ea2a98c5, type: 3}
--- !u!4 &2573765578157326340 stripped
Transform:
  m_CorrespondingSourceObject: {fileID: -4216859302048453862, guid: bbf391eeee13c2246814ddd9ea2a98c5,
    type: 3}
  m_PrefabInstance: {fileID: 7407698899112799006}
  m_PrefabAsset: {fileID: 0}
