%YAML 1.1
%TAG !u! tag:unity3d.com,2011:
--- !u!95 &1740530230
Animator:
  serializedVersion: 3
  m_ObjectHideFlags: 0
  m_CorrespondingSourceObject: {fileID: 0}
  m_PrefabInstance: {fileID: 0}
  m_PrefabAsset: {fileID: 0}
  m_GameObject: {fileID: 1275788347800426972}
  m_Enabled: 1
  m_Avatar: {fileID: 0}
  m_Controller: {fileID: 9100000, guid: f30fdac6c3140df44a635f8e756bd0c4, type: 2}
  m_CullingMode: 0
  m_UpdateMode: 0
  m_ApplyRootMotion: 0
  m_LinearVelocityBlending: 0
  m_WarningMessage: 
  m_HasTransformHierarchy: 1
  m_AllowConstantClipSamplingOptimization: 1
  m_KeepAnimatorControllerStateOnDisable: 0
--- !u!95 &1740530231
Animator:
  serializedVersion: 3
  m_ObjectHideFlags: 0
  m_CorrespondingSourceObject: {fileID: 0}
  m_PrefabInstance: {fileID: 0}
  m_PrefabAsset: {fileID: 0}
  m_GameObject: {fileID: 2951752132830223746}
  m_Enabled: 1
  m_Avatar: {fileID: 0}
  m_Controller: {fileID: 9100000, guid: f30fdac6c3140df44a635f8e756bd0c4, type: 2}
  m_CullingMode: 0
  m_UpdateMode: 0
  m_ApplyRootMotion: 0
  m_LinearVelocityBlending: 0
  m_WarningMessage: 
  m_HasTransformHierarchy: 1
  m_AllowConstantClipSamplingOptimization: 1
  m_KeepAnimatorControllerStateOnDisable: 0
--- !u!95 &1740530232
Animator:
  serializedVersion: 3
  m_ObjectHideFlags: 0
  m_CorrespondingSourceObject: {fileID: 0}
  m_PrefabInstance: {fileID: 0}
  m_PrefabAsset: {fileID: 0}
  m_GameObject: {fileID: 7821994856340845722}
  m_Enabled: 1
  m_Avatar: {fileID: 0}
  m_Controller: {fileID: 9100000, guid: f30fdac6c3140df44a635f8e756bd0c4, type: 2}
  m_CullingMode: 0
  m_UpdateMode: 0
  m_ApplyRootMotion: 0
  m_LinearVelocityBlending: 0
  m_WarningMessage: 
  m_HasTransformHierarchy: 1
  m_AllowConstantClipSamplingOptimization: 1
  m_KeepAnimatorControllerStateOnDisable: 0
--- !u!95 &1740530234
Animator:
  serializedVersion: 3
  m_ObjectHideFlags: 0
  m_CorrespondingSourceObject: {fileID: 0}
  m_PrefabInstance: {fileID: 0}
  m_PrefabAsset: {fileID: 0}
  m_GameObject: {fileID: 8261083163551594522}
  m_Enabled: 1
  m_Avatar: {fileID: 0}
  m_Controller: {fileID: 9100000, guid: 5f0e6ff6fa986bc4cb0e26869d949057, type: 2}
  m_CullingMode: 0
  m_UpdateMode: 0
  m_ApplyRootMotion: 0
  m_LinearVelocityBlending: 0
  m_WarningMessage: 
  m_HasTransformHierarchy: 1
  m_AllowConstantClipSamplingOptimization: 1
  m_KeepAnimatorControllerStateOnDisable: 0
--- !u!114 &1740530233
MonoBehaviour:
  m_ObjectHideFlags: 0
  m_CorrespondingSourceObject: {fileID: 0}
  m_PrefabInstance: {fileID: 0}
  m_PrefabAsset: {fileID: 0}
  m_GameObject: {fileID: 8261083163551594522}
  m_Enabled: 1
  m_EditorHideFlags: 0
  m_Script: {fileID: 11500000, guid: ab3ed9ce913133846b4456d209a04641, type: 3}
  m_Name: 
  m_EditorClassIdentifier: 
  sequenceManager: {fileID: 566477502340300035}
--- !u!1 &8384933999794568899
GameObject:
  m_ObjectHideFlags: 0
  m_CorrespondingSourceObject: {fileID: 0}
  m_PrefabInstance: {fileID: 0}
  m_PrefabAsset: {fileID: 0}
  serializedVersion: 6
  m_Component:
  - component: {fileID: 6442098590098423980}
  - component: {fileID: 566477502340300035}
  - component: {fileID: 130675985072395957}
  m_Layer: 0
  m_Name: Level03
  m_TagString: Untagged
  m_Icon: {fileID: 0}
  m_NavMeshLayer: 0
  m_StaticEditorFlags: 0
  m_IsActive: 1
--- !u!4 &6442098590098423980
Transform:
  m_ObjectHideFlags: 0
  m_CorrespondingSourceObject: {fileID: 0}
  m_PrefabInstance: {fileID: 0}
  m_PrefabAsset: {fileID: 0}
  m_GameObject: {fileID: 8384933999794568899}
  m_LocalRotation: {x: 0, y: 0, z: 0, w: 1}
  m_LocalPosition: {x: 0, y: 0, z: 0}
  m_LocalScale: {x: 1, y: 1, z: 1}
  m_Children:
  - {fileID: 7477838287354244640}
  - {fileID: 2575331386729203512}
  - {fileID: 1945363804355969894}
  m_Father: {fileID: 0}
  m_RootOrder: 0
  m_LocalEulerAnglesHint: {x: 0, y: 0, z: 0}
--- !u!114 &566477502340300035
MonoBehaviour:
  m_ObjectHideFlags: 0
  m_CorrespondingSourceObject: {fileID: 0}
  m_PrefabInstance: {fileID: 0}
  m_PrefabAsset: {fileID: 0}
  m_GameObject: {fileID: 8384933999794568899}
  m_Enabled: 1
  m_EditorHideFlags: 0
  m_Script: {fileID: 11500000, guid: 666663559552d4d468b6df559f6cc15e, type: 3}
  m_Name: 
  m_EditorClassIdentifier: 
  levelData:
    boxes:
    - {fileID: 7477838287354244640}
    - {fileID: 2575331386729203512}
    - {fileID: 1945363804355969894}
    switchSequences:
    - box1: 0
      box2: 2
      changeDirection: 1
    - box1: 1
      box2: 2
      changeDirection: 0
    - box1: 2
      box2: 1
      changeDirection: 1
    - box1: 1
      box2: 0
      changeDirection: 0
    - box1: 2
      box2: 0
      changeDirection: 1
    - box1: 1
      box2: 0
      changeDirection: 0
    - box1: 2
      box2: 1
      changeDirection: 1
    - box1: 1
      box2: 0
      changeDirection: 0
    switchSpeedFactor: 5
    switchDelay: 0.3
    jewellery: {fileID: 6671356763815741516}
    jewelleryBox: {fileID: 7477838287354244640}
  switchControl: {fileID: 130675985072395957}
  jewelleryAnimationTrigger: MIDDLE
--- !u!114 &130675985072395957
MonoBehaviour:
  m_ObjectHideFlags: 0
  m_CorrespondingSourceObject: {fileID: 0}
  m_PrefabInstance: {fileID: 0}
  m_PrefabAsset: {fileID: 0}
  m_GameObject: {fileID: 8384933999794568899}
  m_Enabled: 1
  m_EditorHideFlags: 0
  m_Script: {fileID: 11500000, guid: 5c518e1e93405514281ef3460cc8e62b, type: 3}
  m_Name: 
  m_EditorClassIdentifier: 
  coefficient4aFactor: 0.5
  curveResolution: 30
  testObject: {fileID: 8110121751498492290, guid: 253d7a63e4830d046ae619d01f48d181,
    type: 3}
--- !u!1001 &832121457612216233
PrefabInstance:
  m_ObjectHideFlags: 0
  serializedVersion: 2
  m_Modification:
    m_TransformParent: {fileID: 6442098590098423980}
    m_Modifications:
    - target: {fileID: 1257375230167258319, guid: a394e5e040826c2418560a33024f07b8,
        type: 3}
      propertyPath: m_LocalPosition.x
      value: 3
      objectReference: {fileID: 0}
    - target: {fileID: 1257375230167258319, guid: a394e5e040826c2418560a33024f07b8,
        type: 3}
      propertyPath: m_LocalPosition.y
      value: 0.5
      objectReference: {fileID: 0}
    - target: {fileID: 1257375230167258319, guid: a394e5e040826c2418560a33024f07b8,
        type: 3}
      propertyPath: m_LocalPosition.z
      value: 0
      objectReference: {fileID: 0}
    - target: {fileID: 1257375230167258319, guid: a394e5e040826c2418560a33024f07b8,
        type: 3}
      propertyPath: m_LocalRotation.x
      value: 0
      objectReference: {fileID: 0}
    - target: {fileID: 1257375230167258319, guid: a394e5e040826c2418560a33024f07b8,
        type: 3}
      propertyPath: m_LocalRotation.y
      value: -0.7071068
      objectReference: {fileID: 0}
    - target: {fileID: 1257375230167258319, guid: a394e5e040826c2418560a33024f07b8,
        type: 3}
      propertyPath: m_LocalRotation.z
      value: 0
      objectReference: {fileID: 0}
    - target: {fileID: 1257375230167258319, guid: a394e5e040826c2418560a33024f07b8,
        type: 3}
      propertyPath: m_LocalRotation.w
      value: 0.7071068
      objectReference: {fileID: 0}
    - target: {fileID: 1257375230167258319, guid: a394e5e040826c2418560a33024f07b8,
        type: 3}
      propertyPath: m_RootOrder
      value: 2
      objectReference: {fileID: 0}
    - target: {fileID: 1257375230167258319, guid: a394e5e040826c2418560a33024f07b8,
        type: 3}
      propertyPath: m_LocalEulerAnglesHint.x
      value: 0
      objectReference: {fileID: 0}
    - target: {fileID: 1257375230167258319, guid: a394e5e040826c2418560a33024f07b8,
        type: 3}
      propertyPath: m_LocalEulerAnglesHint.y
      value: -90
      objectReference: {fileID: 0}
    - target: {fileID: 1257375230167258319, guid: a394e5e040826c2418560a33024f07b8,
        type: 3}
      propertyPath: m_LocalEulerAnglesHint.z
      value: 0
      objectReference: {fileID: 0}
    - target: {fileID: 1889480705106169461, guid: a394e5e040826c2418560a33024f07b8,
        type: 3}
      propertyPath: m_Name
      value: JewelryBox (2)
      objectReference: {fileID: 0}
    m_RemovedComponents:
    - {fileID: 5592190558868979074, guid: a394e5e040826c2418560a33024f07b8, type: 3}
    - {fileID: 5592190558868979074, guid: a394e5e040826c2418560a33024f07b8, type: 3}
    - {fileID: 5592190558868979074, guid: a394e5e040826c2418560a33024f07b8, type: 3}
  m_SourcePrefab: {fileID: 100100000, guid: a394e5e040826c2418560a33024f07b8, type: 3}
--- !u!1 &1275788347800426972 stripped
GameObject:
  m_CorrespondingSourceObject: {fileID: 1889480705106169461, guid: a394e5e040826c2418560a33024f07b8,
    type: 3}
  m_PrefabInstance: {fileID: 832121457612216233}
  m_PrefabAsset: {fileID: 0}
--- !u!4 &1945363804355969894 stripped
Transform:
  m_CorrespondingSourceObject: {fileID: 1257375230167258319, guid: a394e5e040826c2418560a33024f07b8,
    type: 3}
  m_PrefabInstance: {fileID: 832121457612216233}
  m_PrefabAsset: {fileID: 0}
--- !u!1001 &2000637995076356871
PrefabInstance:
  m_ObjectHideFlags: 0
  serializedVersion: 2
  m_Modification:
    m_TransformParent: {fileID: 7477838287354244640}
    m_Modifications:
    - target: {fileID: 4198739969124152217, guid: cb78930fbc60fa2498b72befbd9bbca0,
        type: 3}
      propertyPath: m_CastShadows
      value: 0
      objectReference: {fileID: 0}
    - target: {fileID: 5140535757979386699, guid: cb78930fbc60fa2498b72befbd9bbca0,
        type: 3}
      propertyPath: m_LocalPosition.x
      value: -0.09271289
      objectReference: {fileID: 0}
    - target: {fileID: 5140535757979386699, guid: cb78930fbc60fa2498b72befbd9bbca0,
        type: 3}
      propertyPath: m_LocalPosition.y
      value: 6.2418633
      objectReference: {fileID: 0}
    - target: {fileID: 5140535757979386699, guid: cb78930fbc60fa2498b72befbd9bbca0,
        type: 3}
      propertyPath: m_LocalPosition.z
      value: -3.997232
      objectReference: {fileID: 0}
    - target: {fileID: 5140535757979386699, guid: cb78930fbc60fa2498b72befbd9bbca0,
        type: 3}
      propertyPath: m_LocalRotation.x
      value: -0
      objectReference: {fileID: 0}
    - target: {fileID: 5140535757979386699, guid: cb78930fbc60fa2498b72befbd9bbca0,
        type: 3}
      propertyPath: m_LocalRotation.y
      value: 0.7071068
      objectReference: {fileID: 0}
    - target: {fileID: 5140535757979386699, guid: cb78930fbc60fa2498b72befbd9bbca0,
        type: 3}
      propertyPath: m_LocalRotation.z
      value: -0
      objectReference: {fileID: 0}
    - target: {fileID: 5140535757979386699, guid: cb78930fbc60fa2498b72befbd9bbca0,
        type: 3}
      propertyPath: m_LocalRotation.w
      value: 0.7071068
      objectReference: {fileID: 0}
    - target: {fileID: 5140535757979386699, guid: cb78930fbc60fa2498b72befbd9bbca0,
        type: 3}
      propertyPath: m_RootOrder
      value: 2
      objectReference: {fileID: 0}
    - target: {fileID: 5140535757979386699, guid: cb78930fbc60fa2498b72befbd9bbca0,
        type: 3}
      propertyPath: m_LocalEulerAnglesHint.x
      value: 0
      objectReference: {fileID: 0}
    - target: {fileID: 5140535757979386699, guid: cb78930fbc60fa2498b72befbd9bbca0,
        type: 3}
      propertyPath: m_LocalEulerAnglesHint.y
      value: 0
      objectReference: {fileID: 0}
    - target: {fileID: 5140535757979386699, guid: cb78930fbc60fa2498b72befbd9bbca0,
        type: 3}
      propertyPath: m_LocalEulerAnglesHint.z
      value: 0
      objectReference: {fileID: 0}
    - target: {fileID: 5140535757979386699, guid: cb78930fbc60fa2498b72befbd9bbca0,
        type: 3}
      propertyPath: m_LocalScale.x
      value: 0.34665978
      objectReference: {fileID: 0}
    - target: {fileID: 5140535757979386699, guid: cb78930fbc60fa2498b72befbd9bbca0,
        type: 3}
      propertyPath: m_LocalScale.z
      value: 0.34665978
      objectReference: {fileID: 0}
    - target: {fileID: 7595024960584610589, guid: cb78930fbc60fa2498b72befbd9bbca0,
        type: 3}
      propertyPath: m_Name
      value: Jewellery
      objectReference: {fileID: 0}
    m_RemovedComponents:
    - {fileID: 1740530233, guid: cb78930fbc60fa2498b72befbd9bbca0, type: 3}
  m_SourcePrefab: {fileID: 100100000, guid: cb78930fbc60fa2498b72befbd9bbca0, type: 3}
--- !u!1 &8261083163551594522 stripped
GameObject:
  m_CorrespondingSourceObject: {fileID: 7595024960584610589, guid: cb78930fbc60fa2498b72befbd9bbca0,
    type: 3}
  m_PrefabInstance: {fileID: 2000637995076356871}
  m_PrefabAsset: {fileID: 0}
--- !u!4 &6671356763815741516 stripped
Transform:
  m_CorrespondingSourceObject: {fileID: 5140535757979386699, guid: cb78930fbc60fa2498b72befbd9bbca0,
    type: 3}
  m_PrefabInstance: {fileID: 2000637995076356871}
  m_PrefabAsset: {fileID: 0}
--- !u!1001 &3660989287695258615
PrefabInstance:
  m_ObjectHideFlags: 0
  serializedVersion: 2
  m_Modification:
    m_TransformParent: {fileID: 6442098590098423980}
    m_Modifications:
    - target: {fileID: 1257375230167258319, guid: a394e5e040826c2418560a33024f07b8,
        type: 3}
      propertyPath: m_LocalPosition.x
      value: -0
      objectReference: {fileID: 0}
    - target: {fileID: 1257375230167258319, guid: a394e5e040826c2418560a33024f07b8,
        type: 3}
      propertyPath: m_LocalPosition.y
      value: 0.5
      objectReference: {fileID: 0}
    - target: {fileID: 1257375230167258319, guid: a394e5e040826c2418560a33024f07b8,
        type: 3}
      propertyPath: m_LocalPosition.z
      value: 0
      objectReference: {fileID: 0}
    - target: {fileID: 1257375230167258319, guid: a394e5e040826c2418560a33024f07b8,
        type: 3}
      propertyPath: m_LocalRotation.x
      value: 0
      objectReference: {fileID: 0}
    - target: {fileID: 1257375230167258319, guid: a394e5e040826c2418560a33024f07b8,
        type: 3}
      propertyPath: m_LocalRotation.y
      value: -0.7071068
      objectReference: {fileID: 0}
    - target: {fileID: 1257375230167258319, guid: a394e5e040826c2418560a33024f07b8,
        type: 3}
      propertyPath: m_LocalRotation.z
      value: 0
      objectReference: {fileID: 0}
    - target: {fileID: 1257375230167258319, guid: a394e5e040826c2418560a33024f07b8,
        type: 3}
      propertyPath: m_LocalRotation.w
      value: 0.7071068
      objectReference: {fileID: 0}
    - target: {fileID: 1257375230167258319, guid: a394e5e040826c2418560a33024f07b8,
        type: 3}
      propertyPath: m_RootOrder
      value: 1
      objectReference: {fileID: 0}
    - target: {fileID: 1257375230167258319, guid: a394e5e040826c2418560a33024f07b8,
        type: 3}
      propertyPath: m_LocalEulerAnglesHint.x
      value: 0
      objectReference: {fileID: 0}
    - target: {fileID: 1257375230167258319, guid: a394e5e040826c2418560a33024f07b8,
        type: 3}
      propertyPath: m_LocalEulerAnglesHint.y
      value: -90
      objectReference: {fileID: 0}
    - target: {fileID: 1257375230167258319, guid: a394e5e040826c2418560a33024f07b8,
        type: 3}
      propertyPath: m_LocalEulerAnglesHint.z
      value: 0
      objectReference: {fileID: 0}
    - target: {fileID: 1889480705106169461, guid: a394e5e040826c2418560a33024f07b8,
        type: 3}
      propertyPath: m_Name
      value: JewelryBox (1)
      objectReference: {fileID: 0}
    m_RemovedComponents: []
  m_SourcePrefab: {fileID: 100100000, guid: a394e5e040826c2418560a33024f07b8, type: 3}
--- !u!1 &2951752132830223746 stripped
GameObject:
  m_CorrespondingSourceObject: {fileID: 1889480705106169461, guid: a394e5e040826c2418560a33024f07b8,
    type: 3}
  m_PrefabInstance: {fileID: 3660989287695258615}
  m_PrefabAsset: {fileID: 0}
--- !u!4 &2575331386729203512 stripped
Transform:
  m_CorrespondingSourceObject: {fileID: 1257375230167258319, guid: a394e5e040826c2418560a33024f07b8,
    type: 3}
  m_PrefabInstance: {fileID: 3660989287695258615}
  m_PrefabAsset: {fileID: 0}
--- !u!1001 &8553890752712555247
PrefabInstance:
  m_ObjectHideFlags: 0
  serializedVersion: 2
  m_Modification:
    m_TransformParent: {fileID: 6442098590098423980}
    m_Modifications:
    - target: {fileID: 650879367610909827, guid: a394e5e040826c2418560a33024f07b8,
        type: 3}
      propertyPath: m_RootOrder
      value: 4
      objectReference: {fileID: 0}
    - target: {fileID: 1257375230167258319, guid: a394e5e040826c2418560a33024f07b8,
        type: 3}
      propertyPath: m_LocalPosition.x
      value: -3
      objectReference: {fileID: 0}
    - target: {fileID: 1257375230167258319, guid: a394e5e040826c2418560a33024f07b8,
        type: 3}
      propertyPath: m_LocalPosition.y
      value: 0.5
      objectReference: {fileID: 0}
    - target: {fileID: 1257375230167258319, guid: a394e5e040826c2418560a33024f07b8,
        type: 3}
      propertyPath: m_LocalPosition.z
      value: 0
      objectReference: {fileID: 0}
    - target: {fileID: 1257375230167258319, guid: a394e5e040826c2418560a33024f07b8,
        type: 3}
      propertyPath: m_LocalRotation.x
      value: 0
      objectReference: {fileID: 0}
    - target: {fileID: 1257375230167258319, guid: a394e5e040826c2418560a33024f07b8,
        type: 3}
      propertyPath: m_LocalRotation.y
      value: -0.7071068
      objectReference: {fileID: 0}
    - target: {fileID: 1257375230167258319, guid: a394e5e040826c2418560a33024f07b8,
        type: 3}
      propertyPath: m_LocalRotation.z
      value: 0
      objectReference: {fileID: 0}
    - target: {fileID: 1257375230167258319, guid: a394e5e040826c2418560a33024f07b8,
        type: 3}
      propertyPath: m_LocalRotation.w
      value: 0.7071068
      objectReference: {fileID: 0}
    - target: {fileID: 1257375230167258319, guid: a394e5e040826c2418560a33024f07b8,
        type: 3}
      propertyPath: m_RootOrder
      value: 0
      objectReference: {fileID: 0}
    - target: {fileID: 1257375230167258319, guid: a394e5e040826c2418560a33024f07b8,
        type: 3}
      propertyPath: m_LocalEulerAnglesHint.x
      value: 0
      objectReference: {fileID: 0}
    - target: {fileID: 1257375230167258319, guid: a394e5e040826c2418560a33024f07b8,
        type: 3}
      propertyPath: m_LocalEulerAnglesHint.y
      value: -90
      objectReference: {fileID: 0}
    - target: {fileID: 1257375230167258319, guid: a394e5e040826c2418560a33024f07b8,
        type: 3}
      propertyPath: m_LocalEulerAnglesHint.z
      value: 0
      objectReference: {fileID: 0}
    - target: {fileID: 1889480705106169461, guid: a394e5e040826c2418560a33024f07b8,
        type: 3}
      propertyPath: m_Name
      value: JewelryBox (0)
      objectReference: {fileID: 0}
    - target: {fileID: 3604864694208457287, guid: a394e5e040826c2418560a33024f07b8,
        type: 3}
      propertyPath: m_RootOrder
      value: 3
      objectReference: {fileID: 0}
    - target: {fileID: 4431950699464427526, guid: a394e5e040826c2418560a33024f07b8,
        type: 3}
      propertyPath: m_RootOrder
      value: 5
      objectReference: {fileID: 0}
    m_RemovedComponents: []
  m_SourcePrefab: {fileID: 100100000, guid: a394e5e040826c2418560a33024f07b8, type: 3}
--- !u!1 &7821994856340845722 stripped
GameObject:
  m_CorrespondingSourceObject: {fileID: 1889480705106169461, guid: a394e5e040826c2418560a33024f07b8,
    type: 3}
  m_PrefabInstance: {fileID: 8553890752712555247}
  m_PrefabAsset: {fileID: 0}
--- !u!4 &7477838287354244640 stripped
Transform:
  m_CorrespondingSourceObject: {fileID: 1257375230167258319, guid: a394e5e040826c2418560a33024f07b8,
    type: 3}
  m_PrefabInstance: {fileID: 8553890752712555247}
  m_PrefabAsset: {fileID: 0}
